@article{ALFR,
  author    = {D.J. Aldous and D.H. Fremlin},
  title     = {Colacunary sequences in {$L$}-spaces},
  journal   = {Studia Math.},
  volume    = {71},
  year      = {1981/82},
  pages     = {297-304}
}

@article{B2,
  author    = {D.L. Burkholder},
  title     = {Martingale transforms},
  journal   = {Ann. Math. Statist.},
  volume    = {37},
  year      = {1966},
  pages     = {1494-1504}
}

@article{B,
  author    = {D.L. Burkholder},
  title     = {Distribution function inequalities for martingales},
  journal   = {Ann. Probab.},
  volume    = {1},
  year      = {1973},
  pages     = {19-42}
}

@article{BG,
  author    = {D.L. Burkholder and R.F. Gundy},
  title     = {Extrapolation and interpolation of quasi-linear operators on martingales},
  journal   = {Acta Math.},
  volume    = {124},
  year      = {1970},
  pages     = {249-304}
}

@article{CZ,
  author    = {A.P. Calder\'{o}n and A. Zygmund},
  title     = {On the existence of certain singular integrals},
  journal   = {Acta Math.},
  volume    = {88},
  year      = {1952},
  pages     = {85-139}
}

@article{C,
  author    = {I. Cuculescu},
  title     = {Martingales on von Neumann algebras},
  journal   = {J. Multivariate Anal.},
  volume    = {1},
  year      = {1971},
  pages     = {17-27}
}

@article{DDdP,
  author    = {P.G. Dodds and T.K. Dodds and B. de Pagter},
  title     = {Noncommutative Banach function spaces},
  journal   = {Math. Z.},
  volume    = {201},
  year      = {1989},
  pages     = {583-597}
}

@article{DDP3,
  author    = {P.G. Dodds and T.K. Dodds and B. de Pagter},
  title     = {Noncommutative {K}\"othe duality},
  journal   = {Trans. Amer. Math. Soc.},
  volume    = {339},
  year      = {1993},
  pages     = {717-750}
}

@article{DSS,
  author    = {P.G. Dodds and F.A. Sukochev and G. Schl{\"u}chtermann},
  title     = {Weak compactness criteria in symmetric spaces of measurable operators},
  journal   = {Math. Proc. Cambridge Philos. Soc.},
  volume    = {131},
  year      = {2001},
  pages     = {363-384}
}

@article{Dor,
  author    = {L. Dor},
  title     = {On co-lacunary sequences in {$L\sb{1}$}},
  journal   = {Bull. London Math. Soc.},
  volume    = {14},
  year      = {1982},
  pages     = {410-414}
}

@article{FK,
  author    = {T. Fack and H. Kosaki},
  title     = {Generalized $s$-numbers of $\tau$-measurable operators},
  journal   = {Pacific J. Math.},
  volume    = {123},
  year      = {1986},
  pages     = {269-300}
}

@book{GA,
  author    = {A.M. Garsia},
  title     = {Martingale inequalities: {S}eminar notes on recent progress},
  publisher = {W. A. Benjamin, Inc.},
  address   = {Reading, Mass.-London-Amsterdam},
  year      = {1973},
  note      = {Mathematics Lecture Notes Series}
}

@article{G,
  author    = {R.F. Gundy},
  title     = {A decomposition for $L^1$-bounded martingales},
  journal   = {Ann. Math. Statist.},
  volume    = {39},
  year      = {1968},
  pages     = {134-138}
}
@article{G2,
  author    = {R.F. Gundy},
  title     = {On the class $L \log L$, martingales, and singular integrals},
  journal   = {Studia Math.},
  volume    = {33},
  year      = {1969},
  pages     = {109-118}
}

@article{J1,
  author    = {M. Junge},
  title     = {Doob's inequality for non-commutative martingales},
  journal   = {J. Reine Angew. Math.},
  volume    = {549},
  year      = {2002},
  pages     = {149-190}
}

@article{JM,
  author    = {M. Junge and M. Musat},
  title     = {A non-commutative version of the John-Nirenberg theorem},
  journal   = {Preprint},
  year      = {2004}
}

@article{JX,
  author    = {M. Junge and Q. Xu},
  title     = {Noncommutative Burkholder/Rosenthal inequalities},
  journal   = {Ann. Probab.},
  volume    = {31},
  year      = {2003},
  pages     = {948-995}
}

@article{KP,
  author    = {M.I. Kadec and A. Pe{\l}czy{\'n}ski},
  title     = {Bases, lacunary sequences and complemented subspaces in the spaces ${L}\sb{p}$},
  journal   = {Studia Math.},
  volume    = {21},
  year      = {1961/1962},
  pages     = {161-176}
}

@book{KR1,
  author    = {R.V. Kadison and J.R. Ringrose},
  title     = {Fundamentals of the theory of operator algebras II},
  subtitle  = {Advanced theory},
  publisher = {Academic Press},
  address   = {Orlando, FL},
  year      = {1986}
}

@book{LT,
  author    = {J. Lindenstrauss and L. Tzafriri},
  title     = {Classical Banach spaces II},
  subtitle  = {Function spaces},
  publisher = {Springer-Verlag},
  address   = {Berlin},
  year      = {1979}
}

@article{MT,
  author    = {T. Mart\'{\i}nez and J.L. Torrea},
  title     = {Operator-valued martingale transforms},
  journal   = {Tohoku Math. J.},
  volume    = {52},
  year      = {2000},
  pages     = {449-474}
}

@article{M,
  author    = {M. Musat},
  title     = {Interpolation between non-commutative BMO and non-commutative $L_p$-spaces},
  journal   = {J. Funct. Anal.},
  volume    = {202},
  year      = {2003},
  pages     = {195-225}
}

@article{N,
  author    = {E. Nelson},
  title     = {Notes on non-commutative integration},
  journal   = {J. Funct. Anal.},
  volume    = {15},
  year      = {1974},
  pages     = {103-116}
}

@article{PX1,
  author    = {G. Pisier and Q. Xu},
  title     = {Non-commutative martingale inequalities},
  journal   = {Comm. Math. Phys.},
  volume    = {189},
  year      = {1997},
  pages     = {667-698}
}

@incollection{PX2,
  author    = {G. Pisier and Q. Xu},
  title     = {Non-commutative $L_p$-spaces},
  booktitle = {Handbook of the Geometry of Banach Spaces II},
  editor    = {W.B. Johnson and J. Lindenstrauss},
  publisher = {North-Holland},
  year      = {2003},
  pages     = {1459-1517}
}

@article{Ran10,
  author    = {N. Randrianantoanina},
  title     = {Sequences in non-commutative ${L}\sp{p}$-spaces},
  journal   = {J. Operator Theory},
  volume    = {48},
  year      = {2002},
  pages     = {255-272}
}

@article{R,
  author    = {N. Randrianantoanina},
  title     = {Non-commutative martingale transforms},
  journal   = {J. Funct. Anal.},
  volume    = {194},
  year      = {2002},
  pages     = {181-212}
}

@article{R3,
  author    = {N. Randrianantoanina},
  title     = {A weak type inequality for non-commutative martingales and applications},
  journal   = {Preprint},
  year      = {2004}
}

@book{T,
  author    = {M. Takesaki},
  title     = {Theory of Operator Algebras I},
  publisher = {Springer-Verlag},
  address   = {New York},
  year      = {1979}
}

@article{Tomi,
  author    = {J. Tomiyama},
  title     = {On the projection of norm one in ${W}\sp{\ast} $-algebras},
  journal   = {Proc. Japan Acad.},
  volume    = {33},
  year      = {1957},
  pages     = {608-612}
}

@article{X2,
  author    = {Q. Xu},
  title     = {Analytic functions with values in lattices and symmetric spaces of measurable operators},
  journal   = {Math. Proc. Cambridge Philos. Soc.},
  volume    = {109},
  year      = {1991},
  pages     = {541-563}
}

@inproceedings{X,
  author    = {Q. Xu},
  title     = {Recent developments on non-commutative martingale inequalities},
  booktitle = {Functional Space Theory and its Applications. Proceedings of International Conference \& 13th Academic Symposium in China},
  editor    = {Research Information Ltd UK},
  year      = {2003},
  address   = {Wuhan},
  pages     = {283-314}
}

@book{hytonen2016analysis,
  title={Analysis in Banach spaces},
  author={Hyt{\"o}nen, Tuomas and Van Neerven, Jan and Veraar, Mark and Weis, Lutz},
  volume={12},
  year={2016},
  address={Berlin},
  publisher={Springer}
}

@book{david2018probability,
  title={概率和鞅},
  author={David Williams},
  year={2018},
  address={安徽},
  publisher={中国科学技术大学出版社}
}

@book{folland1999real,
  title={Real analysis: modern techniques and their applications},
  author={Folland, Gerald B},
  volume={40},
  year={1999},
  publisher={John Wiley \& Sons}
}

@book{einsiedler2017functional,
  title={Functional analysis, spectral theory, and applications},
  author={Einsiedler, Manfred and Ward, Thomas and others},
  volume={276},
  year={2017},
  address={Berlin},
  publisher={Springer}
}

@article{parcet2006gundy,
  title={Gundy's decomposition for non-commutative martingales and applications},
  author={Parcet, Javier and Randrianantoanina, Narcisse},
  journal={Proceedings of the London Mathematical Society},
  volume={93},
  number={1},
  pages={227--252},
  year={2006},
  address={Cambridge},
  publisher={Cambridge University Press}
}

@article {MR4072235-CSU-Square;differentially-subordinate,
    AUTHOR = {Jiao, Yong and Randrianantoanina, Narcisse and Wu, Lian and
              Zhou, Dejian},
     TITLE = {Square functions for noncommutative differentially subordinate
              martingales},
   JOURNAL = {Comm. Math. Phys.},
  FJOURNAL = {Communications in Mathematical Physics},
    VOLUME = {374},
      YEAR = {2020},
    NUMBER = {2},
     PAGES = {975--1019},
      ISSN = {0010-3616,1432-0916},
   MRCLASS = {46L53 (60G42 60G46)},
  MRNUMBER = {4072235},
       DOI = {10.1007/s00220-019-03391-x},
       URL = {https://doi.org/10.1007/s00220-019-03391-x},
}

@article {MR4504935-CSU-weakly-dominated-martingales,
    AUTHOR = {Jiao, Yong and Os\k{e}kowski, A. and Wu, Lian and Zuo,
              Yahui},
     TITLE = {Inequalities for noncommutative weakly dominated martingales
              and applications},
   JOURNAL = {Comm. Math. Phys.},
  FJOURNAL = {Communications in Mathematical Physics},
    VOLUME = {396},
      YEAR = {2022},
    NUMBER = {2},
     PAGES = {787--816},
      ISSN = {0010-3616,1432-0916},
   MRCLASS = {46L52 (42B15)},
  MRNUMBER = {4504935},
MRREVIEWER = {Guoxing\ Ji},
       DOI = {10.1007/s00220-022-04477-9},
       URL = {https://doi.org/10.1007/s00220-022-04477-9},
}

@article {MR2319715-2007-Narcisse-Conditioned-square-functions,
    AUTHOR = {Randrianantoanina, Narcisse},
     TITLE = {Conditioned square functions for noncommutative martingales},
   JOURNAL = {Ann. Probab.},
  FJOURNAL = {The Annals of Probability},
    VOLUME = {35},
      YEAR = {2007},
    NUMBER = {3},
     PAGES = {1039--1070},
      ISSN = {0091-1798,2168-894X},
   MRCLASS = {46L53 (46L51 46L52 60G48)},
  MRNUMBER = {2319715},
MRREVIEWER = {Adam\ Os\k{e}kowski},
       DOI = {10.1214/009117906000000656},
       URL = {https://doi.org/10.1214/009117906000000656},
}

@article {MR2167096-2005-Narcisse,
    AUTHOR = {Randrianantoanina, Narcisse},
     TITLE = {A weak type inequality for non-commutative martingales and
              applications},
   JOURNAL = {Proc. London Math. Soc. (3)},
  FJOURNAL = {Proceedings of the London Mathematical Society. Third Series},
    VOLUME = {91},
      YEAR = {2005},
    NUMBER = {2},
     PAGES = {509--542},
      ISSN = {0024-6115,1460-244X},
   MRCLASS = {46L53 (46L51 46L52 60G48)},
  MRNUMBER = {2167096},
MRREVIEWER = {Fyodor\ A.\ Sukochev},
       DOI = {10.1112/S0024611505015297},
       URL = {https://doi.org/10.1112/S0024611505015297},
}

@article {MR1929141-2002-Narcisse,
    AUTHOR = {Randrianantoanina, Narcisse},
     TITLE = {Non-commutative martingale transforms},
   JOURNAL = {J. Funct. Anal.},
  FJOURNAL = {Journal of Functional Analysis},
    VOLUME = {194},
      YEAR = {2002},
    NUMBER = {1},
     PAGES = {181--212},
      ISSN = {0022-1236,1096-0783},
   MRCLASS = {46L53 (46L10 47B10 60G48)},
  MRNUMBER = {1929141},
MRREVIEWER = {Carlo\ Cecchini},
       URL = {http://www.sciencedirect.com/science?_ob=GatewayURL&_origin=MR&_method=citationSearch&_piikey=S0022123602939522&_version=1&md5=962cbd3617750550d4005fcc091d8dae},
}

@article{刘培德2017鞅空间理论的新进展,
  title={鞅空间理论的新进展},
  author={Peide Liu},
  journal={数学杂志},
  volume={37},
  number={3},
  pages={445--456},
  year={2017}
}

@article{burkholder1971maximal,
  title={A maximal function characterization of the class $H^{p}$},
  author={Burkholder, Donald Lyman and Gundy, Richard F and Silverstein, Martin L},
  journal={Transactions of the American Mathematical Society},
  volume={157},
  pages={137--153},
  year={1971}
}

@article{fefferman1972h,
  title={$H^{p}$ spaces of several variables},
  author={Fefferman, Charles and Stein, Elias M},
  journal={Acta Math.},
  address={Djursholm},
  year={1972}
}

@article{pisier1975martingales,
  title={Martingales with values in uniformly convex spaces},
  author={Pisier, Gilles},
  journal={Israel Journal of Mathematics},
  volume={20},
  pages={326--350},
  year={1975},
  publisher={Springer}
}

@book{pisier2016martingales,
  title={Martingales in Banach Spaces},
  author={Pisier, Gilles},
  volume={155},
  year={2016},
  address={Cambridge},
  publisher={Cambridge University Press}
}

@article{JIAO2018216,
title = {Inequalities for noncommutative differentially subordinate martingales},
journal = {Advances in Mathematics},
volume = {337},
pages = {216-259},
year = {2018},
issn = {0001-8708},
doi = {https://doi.org/10.1016/j.aim.2018.08.016},
url = {https://www.sciencedirect.com/science/article/pii/S0001870818303293},
author = {Yong Jiao and Adam Os\k{e}kowski and Lian Wu},
keywords = {Noncommutative martingale, Differential subordination, Weak-type inequality, Strong-type inequality},
abstract = {The classical differential subordination of martingales, introduced by Burkholder in the eighties, is generalized to the noncommutative setting. Working under this domination, we establish the strong-type inequalities with the constants of optimal order as p→1 and p→∞, and the corresponding endpoint weak-type (1,1) estimate. In contrast to the classical case, we need to introduce two different versions of noncommutative differential subordination, depending on the range of the exponents. For the Lp-estimate, 2≤p<∞, a certain weaker version is sufficient; on the other hand, the strong-type (p,p) inequality, 1<p<2, and the weak-type (1,1) estimate require a stronger version. As an application, we present a new proof of noncommutative Burkholder–Gundy inequalities. The main technical advance is a noncommutative version of the good λ-inequality and a certain summation argument. We expect that these techniques will be useful in other situation as well.}
}
